@article{wilson.wood:anagram-free,
  author    = {Tim E. Wilson and
               David R. Wood},
  title     = {Anagram-Free Graph Colouring},
  journal   = {Electron. J. Comb.},
  volume    = {25},
  number    = {2},
  pages     = {P2.20},
  year      = {2018},
  url       = {http://www.combinatorics.org/ojs/index.php/eljc/article/view/v25i2p20},
  timestamp = {Thu, 09 Jul 2020 22:42:25 +0200},
  biburl    = {https://dblp.org/rec/journals/combinatorics/WilsonW18.bib},
  bibsource = {dblp computer science bibliography, https://dblp.org}
}

@article{kamcev.luczak.ea:anagram-free,
  author    = {Nina Kamčev and
               Tomasz Łuczak and
               Benny Sudakov},
  title     = {Anagram-Free Colourings of Graphs},
  journal   = {Comb. Probab. Comput.},
  volume    = {27},
  number    = {4},
  pages     = {623--642},
  year      = {2018},
  url       = {https://doi.org/10.1017/S096354831700027X},
  doi       = {10.1017/S096354831700027X},
  timestamp = {Mon, 25 May 2020 17:37:02 +0200},
  biburl    = {https://dblp.org/rec/journals/cpc/KamcevLS18.bib},
  bibsource = {dblp computer science bibliography, https://dblp.org}
}

@inproceedings{carmi.dujmovic.ea:anagram-free,
  author    = {Paz Carmi and
               Vida Dujmović and
               Pat Morin},
  editor    = {Andreas Brandst{\"{a}}dt and
               Ekkehard K{\"{o}}hler and
               Klaus Meer},
  title     = {Anagram-Free Chromatic Number Is Not Pathwidth-Bounded},
  booktitle = {Graph-Theoretic Concepts in Computer Science - 44th International
               Workshop, {WG} 2018, Cottbus, Germany, June 27-29, 2018, Proceedings},
  series    = {Lecture Notes in Computer Science},
  volume    = {11159},
  pages     = {91--99},
  publisher = {Springer},
  year      = {2018},
  url       = {https://doi.org/10.1007/978-3-030-00256-5\_8},
  doi       = {10.1007/978-3-030-00256-5\_8},
  timestamp = {Tue, 14 May 2019 10:00:40 +0200},
  biburl    = {https://dblp.org/rec/conf/wg/CarmiDM18.bib},
  bibsource = {dblp computer science bibliography, https://dblp.org}
}

@article{wilson.wood:anagram-free2,
  author    = {Tim E. Wilson and
               David R. Wood},
  title     = {Anagram-Free Colorings of Graph Subdivisions},
  journal   = {{SIAM} J. Discret. Math.},
  volume    = {32},
  number    = {3},
  pages     = {2346--2360},
  year      = {2018},
  url       = {https://doi.org/10.1137/17M1145574},
  doi       = {10.1137/17M1145574},
  timestamp = {Sat, 25 Apr 2020 13:56:07 +0200},
  biburl    = {https://dblp.org/rec/journals/siamdm/WilsonW18.bib},
  bibsource = {dblp computer science bibliography, https://dblp.org}
}

@phdthesis{wilson:anagram-free,
  author = {Tim E. Wilson},
  title = {Anagram-free Graph Colouring and Colour Schemes},
  year = {2019},
  month = {February},
  institution = {Monash University},
  school = {Monash University},
  doi = {10.26180/5c72eca26d5c7},
}


@article{cummings:strongly,
  author    = {L. J. Cummings},
  title     = {Strongly square-free strings on three letters},
  journal   = {Australas. {J} Comb.},
  volume    = {14},
  pages     = {259--266},
  year      = {1996},
  url       = {http://ajc.maths.uq.edu.au/pdf/14/ocr-ajc-v14-p259.pdf},
  timestamp = {Wed, 11 Mar 2020 11:48:18 +0100},
  biburl    = {https://dblp.org/rec/journals/ajc/Cummings96.bib},
  bibsource = {dblp computer science bibliography, https://dblp.org}
}

@article{alon.grytczuk:nonrepetitive,
  author    = {Noga Alon and
               Jaroslaw Grytczuk},
  title     = {Nonrepetitive colorings of graphs},
  journal   = {Electron. Notes Discret. Math.},
  volume    = {22},
  pages     = {353--355},
  year      = {2005},
  url       = {https://doi.org/10.1016/j.endm.2005.06.077},
  doi       = {10.1016/j.endm.2005.06.077},
  timestamp = {Thu, 20 Feb 2020 15:44:10 +0100},
  biburl    = {https://dblp.org/rec/journals/endm/AlonG05.bib},
  bibsource = {dblp computer science bibliography, https://dblp.org}
}

@article{erdos:some,
  author = {P. Erdős},
  title = {Some Unsolved Problems},
  journal = {Magyar Tud Akad Mat Kutato Int Kozl},
  volume = 6,
  pages = {221--254},
  year = {1961}
}

@article{brown:is,
  author = {T. C. Brown},
  title = {Is there a sequence on four symbols in which no two adjacent segments are permutations of one another?},
  journal = {The American Mathematical Monthly},
  volume = {78},
  number = {8},
  pages = {886--888},
  year = {1971}
}

@article{evdokimov:strongly,
  author = {A. A. Evdokimov},
  title = {Strongly asymmetric sequences generated by finite number of symbols},
  journal = {Doklady Akademii Nauk SSSR},
  volume = {179},
  year = {1968},
  pages = {1268–1271},
}

@article{evdokimov:strongly2,
  author = {A. A. Evdokimov},
  title = {Strongly asymmetric sequences generated by finite number of symbols},
  journal = {Soviet Mathematics Doklady},
  volume = {9},
  year = {1968},
  pages = {536--539},
}

@article{pleasants:non-repetitive,
  author = {P. A. B. Pleasants},
  title = {Non-repetitive sequences},
  journal = {Proceedings of the Cambridge Philosophical Society},
  volume = {68},
  pages = {267--274},
  year = {1970}
}

@inproceedings{keranen:abelian,
  author    = {Veikko Ker{\"{a}}nen},
  editor    = {Werner Kuich},
  title     = {Abelian Squares are Avoidable on 4 Letters},
  booktitle = {Automata, Languages and Programming, 19th International Colloquium,
               ICALP92, Vienna, Austria, July 13-17, 1992, Proceedings},
  series    = {Lecture Notes in Computer Science},
  volume    = {623},
  pages     = {41--52},
  publisher = {Springer},
  year      = {1992},
  url       = {https://doi.org/10.1007/3-540-55719-9\_62},
  doi       = {10.1007/3-540-55719-9\_62},
  timestamp = {Tue, 14 May 2019 10:00:44 +0200},
  biburl    = {https://dblp.org/rec/conf/icalp/Keranen92.bib},
  bibsource = {dblp computer science bibliography, https://dblp.org}
}

@article{keranen:powerful,
  author    = {Veikko Ker{\"{a}}nen},
  title     = {A powerful abelian square-free substitution over 4 letters},
  journal   = {Theor. Comput. Sci.},
  volume    = {410},
  number    = {38-40},
  pages     = {3893--3900},
  year      = {2009},
  url       = {https://doi.org/10.1016/j.tcs.2009.05.027},
  doi       = {10.1016/j.tcs.2009.05.027},
  timestamp = {Wed, 17 Feb 2021 22:01:44 +0100},
  biburl    = {https://dblp.org/rec/journals/tcs/Keranen09.bib},
  bibsource = {dblp computer science bibliography, https://dblp.org}
}

@article{suderman:pathwidth,
  author    = {Matthew Suderman},
  title     = {Pathwidth And Layered Drawings Of Trees},
  journal   = {Int. J. Comput. Geom. Appl.},
  volume    = {14},
  number    = {3},
  pages     = {203--225},
  year      = {2004},
  url       = {https://doi.org/10.1142/S0218195904001433},
  doi       = {10.1142/S0218195904001433},
  timestamp = {Thu, 04 Jun 2020 19:43:30 +0200},
  biburl    = {https://dblp.org/rec/journals/ijcga/Suderman04.bib},
  bibsource = {dblp computer science bibliography, https://dblp.org}
}
