@article{wilson.wood:anagram-free,
  author    = {Tim E. Wilson and
               David R. Wood},
  title     = {Anagram-Free Graph Colouring},
  journal   = {Electron. J. Comb.},
  volume    = {25},
  number    = {2},
  pages     = {P2.20},
  year      = {2018},
  url       = {http://www.combinatorics.org/ojs/index.php/eljc/article/view/v25i2p20},
  timestamp = {Thu, 09 Jul 2020 22:42:25 +0200},
  biburl    = {https://dblp.org/rec/journals/combinatorics/WilsonW18.bib},
  bibsource = {dblp computer science bibliography, https://dblp.org}
}

@article{kamcev.luczak.ea:anagram-free,
  author    = {Nina Kamčev and
               Tomasz Łuczak and
               Benny Sudakov},
  title     = {Anagram-Free Colourings of Graphs},
  journal   = {Comb. Probab. Comput.},
  volume    = {27},
  number    = {4},
  pages     = {623--642},
  year      = {2018},
  url       = {https://doi.org/10.1017/S096354831700027X},
  doi       = {10.1017/S096354831700027X},
  timestamp = {Mon, 25 May 2020 17:37:02 +0200},
  biburl    = {https://dblp.org/rec/journals/cpc/KamcevLS18.bib},
  bibsource = {dblp computer science bibliography, https://dblp.org}
}

@inproceedings{carmi.dujmovic.ea:anagram-free,
  author    = {Paz Carmi and
               Vida Dujmovic and
               Pat Morin},
  editor    = {Andreas Brandst{\"{a}}dt and
               Ekkehard K{\"{o}}hler and
               Klaus Meer},
  title     = {Anagram-Free Chromatic Number Is Not Pathwidth-Bounded},
  booktitle = {Graph-Theoretic Concepts in Computer Science - 44th International
               Workshop, {WG} 2018, Cottbus, Germany, June 27-29, 2018, Proceedings},
  series    = {Lecture Notes in Computer Science},
  volume    = {11159},
  pages     = {91--99},
  publisher = {Springer},
  year      = {2018},
  url       = {https://doi.org/10.1007/978-3-030-00256-5\_8},
  doi       = {10.1007/978-3-030-00256-5\_8},
  timestamp = {Tue, 14 May 2019 10:00:40 +0200},
  biburl    = {https://dblp.org/rec/conf/wg/CarmiDM18.bib},
  bibsource = {dblp computer science bibliography, https://dblp.org}
}

@article{wilson.wood:anagram-free2,
  author    = {Tim E. Wilson and
               David R. Wood},
  title     = {Anagram-Free Colorings of Graph Subdivisions},
  journal   = {{SIAM} J. Discret. Math.},
  volume    = {32},
  number    = {3},
  pages     = {2346--2360},
  year      = {2018},
  url       = {https://doi.org/10.1137/17M1145574},
  doi       = {10.1137/17M1145574},
  timestamp = {Sat, 25 Apr 2020 13:56:07 +0200},
  biburl    = {https://dblp.org/rec/journals/siamdm/WilsonW18.bib},
  bibsource = {dblp computer science bibliography, https://dblp.org}
}
